@article {ohlssen2007,
author = {Ohlssen, D. I. and Sharples, L. D. and Spiegelhalter, D. J.},
title = {Flexible random-effects models using Bayesian semi-parametric models: applications to institutional comparisons},
journal = {Statistics in Medicine},
volume = {26},
number = {9},
publisher = {John Wiley & Sons, Ltd.},
issn = {1097-0258},
url = {http://dx.doi.org/10.1002/sim.2666},
doi = {10.1002/sim.2666},
pages = {2088--2112},
keywords = {Bayesian non-parametrics, Dirichlet process, institutional comparisons, WinBUGS},
year = {2007},
},

@MANUAL {Adams2009,
    title        = "The Reliability of Provider Profiling: A Tutorial",
    author       = "John L. Adams",
    organization = "RAND Corporation",
    address      = "Santa Monica, CA",
    year         = "2009"
}

@MISC{Plummer2003,
    author = {Martyn Plummer},
    title = {JAGS: A program for analysis of Bayesian graphical models using Gibbs sampling},
    year = {2003}
}
